<record><leader>01703cam a2200445 i 4500</leader><controlfield tag="001">6807345</controlfield><controlfield tag="003">OCoLC</controlfield><controlfield tag="005">20150212131557.0</controlfield><controlfield tag="008">140626t20152015cau      b    001 0 eng  </controlfield><datafield ind1=" " ind2=" " tag="010"><subfield code="a">  2014024280</subfield></datafield><datafield ind1=" " ind2=" " tag="015"><subfield code="a">GBB4E6915</subfield><subfield code="2">bnb</subfield></datafield><datafield ind1="7" ind2=" " tag="016"><subfield code="a">016976242</subfield><subfield code="2">Uk</subfield></datafield><datafield ind1=" " ind2=" " tag="020"><subfield code="a">9781440830747 (alk. paper)</subfield></datafield><datafield ind1=" " ind2=" " tag="020"><subfield code="a">1440830746 (alk. paper)</subfield></datafield><datafield ind1=" " ind2=" " tag="020"><subfield code="z">9781440830754 (ebook)</subfield></datafield><datafield ind1=" " ind2=" " tag="020"><subfield code="z">1440830754 (ebook)</subfield></datafield><datafield ind1=" " ind2=" " tag="035"><subfield code="a">ocn881400641</subfield></datafield><datafield ind1=" " ind2=" " tag="040"><subfield code="a">DLC</subfield><subfield code="b">eng</subfield><subfield code="e">rda</subfield><subfield code="c">DLC</subfield><subfield code="d">YDXCP</subfield><subfield code="d">BTCTA</subfield><subfield code="d">BDX</subfield><subfield code="d">UKMGB</subfield><subfield code="d">CDX</subfield></datafield><datafield ind1=" " ind2=" " tag="042"><subfield code="a">pcc</subfield></datafield><datafield ind1="0" ind2="0" tag="050"><subfield code="a">RC558</subfield><subfield code="b">.K36 2015</subfield></datafield><datafield ind1="0" ind2="0" tag="082"><subfield code="a">616.85/83</subfield><subfield code="2">23</subfield></datafield><datafield ind1=" " ind2=" " tag="090"><subfield code="a">RC 558 K36 2015</subfield><subfield code="b">AGPC</subfield></datafield><datafield ind1=" " ind2=" " tag="090"><subfield code="a">RC558 .K36 2015</subfield><subfield code="b">AEGMCT</subfield></datafield><datafield ind1="1" ind2=" " tag="100"><subfield code="a">Kantor, Martin,</subfield><subfield code="e">author.</subfield></datafield><datafield ind1="1" ind2="0" tag="245"><subfield code="a">Why a gay person can't be made un-gay :</subfield><subfield code="b">the truth about reparative therapies /</subfield><subfield code="c">Martin Kantor, MD.</subfield></datafield><datafield ind1="3" ind2=" " tag="246"><subfield code="a">Why a gay person cannot be made un-gay</subfield></datafield><datafield ind1=" " ind2="1" tag="264"><subfield code="a">Santa Barbara, California :</subfield><subfield code="b">Praeger, an imprint of ABC-CLIO, LLC,</subfield><subfield code="c">[2015]</subfield></datafield><datafield ind1=" " ind2="4" tag="264"><subfield code="c">&#169;2015</subfield></datafield><datafield ind1=" " ind2=" " tag="300"><subfield code="a">xvii, 252 pages ;</subfield><subfield code="c">25 cm</subfield></datafield><datafield ind1=" " ind2=" " tag="336"><subfield code="a">text</subfield><subfield code="2">rdacontent</subfield></datafield><datafield ind1=" " ind2=" " tag="337"><subfield code="a">unmediated</subfield><subfield code="2">rdamedia</subfield></datafield><datafield ind1=" " ind2=" " tag="338"><subfield code="a">volume</subfield><subfield code="2">rdacarrier</subfield></datafield><datafield ind1=" " ind2=" " tag="504"><subfield code="a">Includes bibliographical references (pages 239-245) and index.</subfield></datafield><datafield ind1=" " ind2=" " tag="596"><subfield code="a">28 29</subfield></datafield><datafield ind1=" " ind2="0" tag="650"><subfield code="a">Homosexuality</subfield><subfield code="x">Treatment</subfield><subfield code="x">Evaluation.</subfield></datafield><datafield ind1=" " ind2="0" tag="650"><subfield code="a">Sexual reorientation programs</subfield><subfield code="x">Evaluation.</subfield></datafield><datafield ind1=" " ind2="0" tag="650"><subfield code="a">Gays</subfield><subfield code="x">Mental health services</subfield><subfield code="x">Evaluation.</subfield></datafield><datafield ind1=" " ind2=" " tag="949"><subfield code="a">RC558 .K36 2015</subfield><subfield code="h">GMCT-OS-B</subfield><subfield code="i">1007439852</subfield><subfield code="p">65.99</subfield><subfield code="k">AVAIL_SOON</subfield></datafield><datafield ind1=" " ind2=" " tag="926"><subfield code="a">RC558 .K36 2015</subfield><subfield code="w">LC</subfield><subfield code="c">1</subfield><subfield code="i">1007439852</subfield><subfield code="d">12/20/2016</subfield><subfield code="e">12/14/2016</subfield><subfield code="l">ON_SHELF</subfield><subfield code="m">GR_MACEWAN</subfield><subfield code="n">3</subfield><subfield code="p">$62.85</subfield><subfield code="r">Y</subfield><subfield code="s">Y</subfield><subfield code="t">BOOK</subfield><subfield code="u">2/18/2015</subfield></datafield><datafield ind1=" " ind2=" " tag="926"><subfield code="a">RC 558 K36 2015</subfield><subfield code="w">LC</subfield><subfield code="c">1</subfield><subfield code="i">31847001271888</subfield><subfield code="l">ON_SHELF</subfield><subfield code="m">GPRC_GP</subfield><subfield code="p">$150.00</subfield><subfield code="r">Y</subfield><subfield code="s">Y</subfield><subfield code="t">BOOK</subfield><subfield code="u">1/21/2015</subfield></datafield></record>